@misc{rfc1337,
  author="R. Braden",
  title="{TIME-WAIT Assassination Hazards in TCP}",
  series="Request for Comments",
  number="1337",
  howpublished="RFC 1337 (Informational)",
  publisher="IETF",
  organization="Internet Engineering Task Force",
  year=1992,
  month=may,
    url="http://www.ietf.org/rfc/rfc1337.txt",
}